<record><leader>00000cas a22000007a 4500</leader><controlfield tag="001">17486948</controlfield><controlfield tag="008">880216c19879999njuwr ne      0    0eng d</controlfield><datafield ind1=" " ind2=" " tag="010"><subfield code="a">sn 88071049 </subfield></datafield><datafield ind1=" " ind2=" " tag="040"><subfield code="a">NPA</subfield><subfield code="b">eng</subfield><subfield code="c">NPA</subfield><subfield code="d">OCLCQ</subfield></datafield><datafield ind1=" " ind2=" " tag="042"><subfield code="a">msc</subfield></datafield><datafield ind1="0" ind2="0" tag="245"><subfield code="a">Central Jersey focus.</subfield></datafield><datafield ind1="3" ind2="0" tag="246"><subfield code="a">Focus</subfield></datafield><datafield ind1=" " ind2=" " tag="260"><subfield code="a">Woodbridge, N.J. :</subfield><subfield code="b">Macromedia Pub.,</subfield><subfield code="c">1987-</subfield></datafield><datafield ind1=" " ind2=" " tag="310"><subfield code="a">Weekly</subfield></datafield><datafield ind1="0" ind2=" " tag="362"><subfield code="a">Mar. 18, 1987-</subfield></datafield><datafield ind1=" " ind2=" " tag="752"><subfield code="a">United States</subfield><subfield code="b">New Jersey</subfield><subfield code="c">Middlesex</subfield><subfield code="d">Woodbridge.</subfield></datafield></record>